    @Article{Dutta2020,
        author       = {Hrishikesh Dutta and Rohan Kumar Das and Sukumar Nandi and S. R. Mahadeva Prasanna},
        title        = {An Overview of Digital Audio Steganography},
        journal      = {IETE Technical Review},
        howpublished = {online},
        publisher    = {Taylor & Francis},
        day          = {18},
        month        = {12},
        year         = {2020},
        volume       = {37},
        number       = {6},
        pages        = {632--650},
        cited        = {2022-09-25},
        doi          = {10.1080/02564602.2019.1699454},
        url          = {https://doi.org/10.1080/02564602.2019.1699454},
    }

    @Article{Djebbar2012,
        author       = {Djebbar, Fatiha and Ayad, Beghdad and Meraim, Karim Abed and Hamam, Habib},
        title        = {Comparative study of digital audio steganography techniques},
        journal      = {EURASIP Journal on Audio, Speech, and Music Processing},
        howpublished = {online},
        day          = {9},
        month        = {10},
        year         = {2012},
        volume       = {2012},
        number       = {25},
        cited        = {2022-09-25},
        doi          = {10.1186/1687-4722-2012-25},
        issn         = {1687-4722},
        url          = {https://doi.org/10.1186/1687-4722-2012-25},
    }

    @InProceedings{Gopalan2003,
        author    = {Gopalan, Kaliappan},
        booktitle = {2003 IEEE International Conference on Acoustics, Speech, and Signal Processing, 2003. Proceedings. (ICASSP '03).},
        title     = {Audio steganography using bit modification},
        month     = {4},
        year      = {2003},
        volume    = {2},
        number    = {},
        pages     = {II--421},
        cited     = {2022-09-25},
        doi       = {10.1109/ICASSP.2003.1202390},
        issn      = {1520-6149},
    }

    @InProceedings{Djebbar2011,
        author    = {Djebbar, Fatiha and Ayad, Beghdad and Hamam, Habib and Abed-Meraim, Karim},
        booktitle = {2011 International Conference on Innovations in Information Technology},
        title     = {A view on latest audio steganography techniques},
        month     = {4},
        year      = {2011},
        volume    = {},
        number    = {},
        pages     = {409--414},
        cited     = {2022-09-25},
        doi       = {10.1109/INNOVATIONS.2011.5893859},
        issn      = {},
    }
